@misc
{	http://dinosaur.compilertools.net/,
 	title={Sockets Tutorial}, 
 	howpublished="\url{http://www.linuxhowtos.org/C_C++/socket.htm}", 
 	journal={Flex/Bison}
}

