@misc
{	shelldorado,
 	title={Heiner's Shelldorado}, 
 	howpublished="\url{http://www.shelldorado.com/}", 
 	journal={Heiner's Shelldorado}
}

@misc
{	absg, 
	title={Advanced bash scripting guide}, 
	howpublished="\url{http://tldp.org/ldp/abs/html/}", 
	journal={Advanced bash scripting guide}
}  
