@misc
{	kivy.org,
 	title={kivy Documentation}, 
 	howpublished="\url{https://kivy.org/docs/api-kivy.uix.htmln}", 
 	journal={Python}
}

