@misc
{	tutorialspointp,
 	title={tutorialspoint.com}, 
 	howpublished="\url{http://www.tutorialspoint.com/python}", 
 	journal={Python}
}

@misc
{	tutorialspoints,
 	title={tutorialspoint.com}, 
 	howpublished="\url{http://www.tutorialspoint.com/mysql}", 
 	journal={MySQl}
}
